<?xml version="1.0" encoding="UTF-8"?><collection xmlns="http://www.loc.gov/MARC21/slim"><record><leader>00366nam--2200121-i-4500</leader><controlfield tag="001">000033344</controlfield><controlfield tag="002">20161230</controlfield><controlfield tag="005">20161230201039</controlfield><controlfield tag="008">060222s1000------------r-----000-0-eng-d</controlfield><datafield ind1=" " ind2=" " tag="245"><subfield code="a">Monografii matematice: nr.43: sinergetica, solitoni, fractali, haos determinist, turbulenta</subfield></datafield><datafield ind1=" " ind2=" " tag="260"><subfield code="a">Timisoara, Univ.Din Timisoara, 1992</subfield></datafield><datafield ind1=" " ind2=" " tag="700"><subfield code="a">Georgescu, Adelina</subfield></datafield><datafield ind1=" " ind2=" " tag="852"><subfield code="a">74616</subfield></datafield></record></collection>